<?xml version="1.0" encoding="UTF-8"?><collection><record><leader>05757ntm a2200589 a 4500</leader><controlfield tag="001">006806324</controlfield><controlfield tag="003">MiAaHDL</controlfield><controlfield tag="005">20190719000000.0</controlfield><controlfield tag="006">m        d        </controlfield><controlfield tag="007">cr bn ---auaua</controlfield><controlfield tag="008">090603s1548    xx            00| ||per d</controlfield><datafield tag="035" ind1=" " ind2=" "><subfield code="a">(MiU)006806324</subfield></datafield><datafield tag="035" ind1=" " ind2=" "><subfield code="a">sdr-miu006806324</subfield></datafield><datafield tag="040" ind1=" " ind2=" "><subfield code="a">MiU</subfield><subfield code="c">MiU</subfield><subfield code="e">amremm</subfield></datafield><datafield tag="043" ind1=" " ind2=" "><subfield code="a">n-us-mi</subfield><subfield code="a">ff-----</subfield><subfield code="a">aw-----</subfield><subfield code="a">e-sp---</subfield></datafield><datafield tag="100" ind1="0" ind2=" "><subfield code="6">880-01</subfield><subfield code="a">Niẓāmī Ganjavī,</subfield><subfield code="d">1140 or 1141-1202 or 1203.</subfield></datafield><datafield tag="240" ind1="1" ind2="0"><subfield code="6">880-02</subfield><subfield code="a">Khamsah.</subfield><subfield code="k">Selections</subfield></datafield><datafield tag="245" ind1="1" ind2="0"><subfield code="6">880-03</subfield><subfield code="a">Khulāṣat al-Khamsah,</subfield><subfield code="f">[955, i.e. 1548].</subfield></datafield><datafield tag="246" ind1="3" ind2=" "><subfield code="6">880-04</subfield><subfield code="a">Khulāṣah-i Khamsah-i Niẓāmī</subfield></datafield><datafield tag="260" ind1=" " ind2=" "><subfield code="c">[1548].</subfield></datafield><datafield tag="300" ind1=" " ind2=" "><subfield code="a">46 leaves :</subfield><subfield code="b">paper ;</subfield><subfield code="c">190 x 115 (125 x 55) mm.</subfield></datafield><datafield tag="500" ind1=" " ind2=" "><subfield code="a">Shelfmark: Ann Arbor, University of Michigan, Special Collections Library, Isl. Ms. 289</subfield></datafield><datafield tag="500" ind1=" " ind2=" "><subfield code="a">Origin: According to colophon on fol.45a, copying finished in Shawwāl 955 [November-December 1548]. Copyist is not named.</subfield></datafield><datafield tag="500" ind1=" " ind2=" "><subfield code="a">Accompanying materials:</subfield></datafield><datafield tag="500" ind1=" " ind2=" "><subfield code="a">Binding: Pasteboard covered in red-brown leather and marbled paper; Type III binding (without flap); doublures covered in yellow laid paper (chain lines 22 mm apart; 16 laid lines per 20 mm); not original to codex; in good condition.</subfield></datafield><datafield tag="500" ind1=" " ind2=" "><subfield code="a">Support: non-European (Persian) laid paper with laid lines running horizontally at roughly 9 laid lines per cm., chain lines not visible.</subfield></datafield><datafield tag="500" ind1=" " ind2=" "><subfield code="a">Decoration: Illuminated frontispiece (fol.1b-2a) features vegetal designs, executed in lapis lazuli and gold, which are nearly mirror-images of each other; consist of three, linked, vertically-oriented, circular patterns of vines emerging from a large, seven-pointed leaf at the center of the central circular figure; the workmanship is of the highest caliber; illuminated headpiece on incipit page (fol.2b) consists of a single lapis-lazuli arched semi-circular piece dominated by two cartouches in gold; the lower carries the title of the work, the upper one carries a small, light-blue and gold flower, which serves as the anchor-point for a gold, circular pattern of vines that rotate out from that figure and surround the cartouche beneath it; vines are ornamented with tiny golden leaves and pink, red, green, and black flowers; upward slopes of the arch are mirrored by two thick bands of gold at the bottom of the headpiece, which serve to further frame the cartouche; entire headpiece is framed by a thick band containing a golden braid, adorned with small figures in light-blue, green, red, pink, and brown that recall precious stones; a thinner frame in lapis-lazuli embellished with tiny white stars surrounds the headpiece and entire opening of fol.2b-3a; text of opening (dībāchah) is decorated with golden cloud-bands that are further enhanced with tiny red, green, blue, and pink flowers; throught, text is bordered by frame in lapis-lazuli and gold band; chapter headings and titles are framed with a single gold band; hemistiches are separated by two fine golden bands, spaced 4 mm apart.</subfield></datafield><datafield tag="500" ind1=" " ind2=" "><subfield code="a">Script: Nasta‘līq; single hand.</subfield></datafield><datafield tag="500" ind1=" " ind2=" "><subfield code="a">Layout: Written in 14 lines per page; single column of text with panel for each hemistich.</subfield></datafield><datafield tag="500" ind1=" " ind2=" "><subfield code="a">Collation: i, IV-1 (7), IV (15), V (25), III (31), IV (39), III+1 (46); catchwords present; pagination in pencil, Western numerals.</subfield></datafield><datafield tag="500" ind1=" " ind2=" "><subfield code="a">Colophon: "Scribal," rectangular, reads: "تمت الکتاب بعون الله الملك الوهاب في تاريخ شهر شوال سنه خمس و خمسين و تسعمايه الهجريه غريق رحمت يزدان کسى ام که کاتب را باحمدی کند شاد"</subfield></datafield><datafield tag="500" ind1=" " ind2=" "><subfield code="a">Explicit: "با هستگی کار عالم بساز که در کار کرمى نيايد بكار"</subfield></datafield><datafield tag="500" ind1=" " ind2=" "><subfield code="a">Incipit: "بعد از حمد باری تعالى عز اسمه و در دو بهترين کاينات محمد مصطفى صلى الله عليه و آله و سلم بر اصحاب دين و دولت و ارباب ملك و مكنت"</subfield></datafield><datafield tag="500" ind1=" " ind2=" "><subfield code="a">Title from headpiece on fol.2b.</subfield></datafield><datafield tag="500" ind1=" " ind2=" "><subfield code="a">Ms. codex.</subfield></datafield><datafield tag="520" ind1="8" ind2=" "><subfield code="a">Excerpts from the five masnavis of Niẓāmī known as the Khamsah. compiler is not known. The work is divided into 37 chapters (باب) each addressing a subject relating to piety, ethics, or etiquette and containing verses from one or more of the five masnavis illustrating that chapter's topic. Table of contents of fol.3b-4a outlines the list of chapter topics. For a similar abridgement of Khamsah-i Niẓāmī, see Isl. Ms. 288. Description provided by Derek Mancini-Lander.</subfield></datafield><datafield tag="538" ind1=" " ind2=" "><subfield code="a">Mode of access: Internet.</subfield></datafield><datafield tag="541" ind1=" " ind2=" "><subfield code="c">Purchase ;</subfield><subfield code="a">Acquired by purchase (funds donated by Horace Rackham).</subfield><subfield code="d">1924.</subfield></datafield><datafield tag="546" ind1=" " ind2=" "><subfield code="a">Persian.</subfield></datafield><datafield tag="561" ind1=" " ind2=" "><subfield code="a">On fol.1a, a single, circular seal-impression dated 1224 (or 1223 [1808 or 9]) with extremely tiny 6-pointed star and simple, vegetal design above inscription in nastaʻlīq, reads "السيد ابراهيم ادهم" in name of al-Sayyid Ibrāhīm Adʹham (İbrahim Ethem).</subfield></datafield><datafield tag="650" ind1=" " ind2="0"><subfield code="a">Manuscripts, Persian</subfield><subfield code="z">Michigan</subfield><subfield code="z">Ann Arbor.</subfield></datafield><datafield tag="650" ind1=" " ind2="0"><subfield code="a">Persian poetry</subfield><subfield code="y">747-1500.</subfield></datafield><datafield tag="650" ind1=" " ind2="0"><subfield code="a">Epic poetry, Persian</subfield><subfield code="v">Early works to 1800.</subfield></datafield><datafield tag="655" ind1=" " ind2="7"><subfield code="a">Headpieces (layout features)</subfield><subfield code="z">Islamic empire</subfield><subfield code="y">16th century.</subfield><subfield code="2">aat</subfield></datafield><datafield tag="700" ind1="0" ind2=" "><subfield code="a">Abdülhamid</subfield><subfield code="b">II,</subfield><subfield code="c">Sultan of the Turks,</subfield><subfield code="d">1842-1918,</subfield><subfield code="e">former owner.</subfield></datafield><datafield tag="700" ind1="0" ind2=" "><subfield code="6">880-05</subfield><subfield code="a">İbrahim Ethem,</subfield><subfield code="d">flourished 1808,</subfield><subfield code="e">former owner.</subfield></datafield><datafield tag="773" ind1="0" ind2=" "><subfield code="a">Abdul Hamid Collection.</subfield></datafield><datafield tag="880" ind1="0" ind2=" "><subfield code="6">700-05/</subfield><subfield code="a">ابراهيم ادهم،</subfield><subfield code="e">مالك سابق.</subfield></datafield><datafield tag="880" ind1="3" ind2=" "><subfield code="6">246-04/</subfield><subfield code="a">خلاصه خمسه نظامى</subfield></datafield><datafield tag="880" ind1="1" ind2="0"><subfield code="6">245-03/</subfield><subfield code="a">خلاصة الخمسه,</subfield><subfield code="f">[955ه, 1548م].</subfield></datafield><datafield tag="880" ind1="1" ind2="0"><subfield code="6">240-02/</subfield><subfield code="a">خمسه</subfield></datafield><datafield tag="880" ind1="0" ind2=" "><subfield code="6">100-01/</subfield><subfield code="a">نظامي گنجوي,</subfield></datafield><datafield tag="CID" ind1=" " ind2=" "><subfield code="a">006806324</subfield></datafield><datafield tag="DAT" ind1="0" ind2=" "><subfield code="a">20190719102637.0</subfield><subfield code="b">20190719000000.0</subfield></datafield><datafield tag="DAT" ind1="1" ind2=" "><subfield code="a">20190719090653.0</subfield><subfield code="b">2019-07-19T16:10:24Z</subfield></datafield><datafield tag="DAT" ind1="2" ind2=" "><subfield code="a">2015-10-10T18:00:06Z</subfield></datafield><datafield tag="CAT" ind1=" " ind2=" "><subfield code="a">SDR-MIU</subfield><subfield code="d">EX LIBRIS - ALEPH</subfield><subfield code="l">prepare.pl-004-008</subfield></datafield><datafield tag="FMT" ind1=" " ind2=" "><subfield code="a">BK</subfield></datafield><datafield tag="HOL" ind1=" " ind2=" "><subfield code="0">sdr-miu006806324</subfield><subfield code="a">MiU</subfield><subfield code="b">SDR</subfield><subfield code="c">MIU</subfield><subfield code="p">mdp.39015079127869</subfield><subfield code="s">MIU</subfield><subfield code="1">006806324</subfield></datafield><datafield tag="974" ind1=" " ind2=" "><subfield code="b">MIU</subfield><subfield code="c">MIU</subfield><subfield code="d">20190719</subfield><subfield code="s">lit-dlps-dc</subfield><subfield code="u">mdp.39015079127869</subfield><subfield code="y">1548</subfield><subfield code="r">pd</subfield><subfield code="q">bib</subfield><subfield code="t">non-US bib date1 &lt; 1879</subfield></datafield></record></collection>